@article{DBLP:journals/corr/HristovaMM14,
  author    = {Desislava Hristova and
               Mirco Musolesi and
               Cecilia Mascolo},
  title     = {Keep Your Friends Close and Your Facebook Friends Closer: {A} Multiplex
               Network Approach to the Analysis of Offline and Online Social Ties},
  journal   = {CoRR},
  volume    = {abs/1403.8034},
  year      = {2014},
  url       = {http://arxiv.org/abs/1403.8034},
  timestamp = {Tue, 01 Apr 2014 11:56:46 +0200},
  biburl    = {http://dblp.uni-trier.de/rec/bib/journals/corr/HristovaMM14},
  bibsource = {dblp computer science bibliography, http://dblp.org}
}

@book{deb2001multi,
  title={Multi-objective optimization using evolutionary algorithms},
  author={Deb, Kalyanmoy},
  volume={16},
  year={2001},
  publisher={John Wiley \& Sons}
}

@inproceedings{kohavi1995study,
  title={A study of cross-validation and bootstrap for accuracy estimation and model selection},
  author={Kohavi, Ron and others},
  booktitle={Ijcai},
  volume={14},
  number={2},
  pages={1137--1145},
  year={1995}
}

@article{matthews1975comparison,
  title={Comparison of the predicted and observed secondary structure of T4 phage lysozyme},
  author={Matthews, Brian W},
  journal={Biochimica et Biophysica Acta (BBA)-Protein Structure},
  volume={405},
  number={2},
  pages={442--451},
  year={1975},
  publisher={Elsevier}
}

@article{FrazzoliMIT,
title = {MIT OCW 16.410/413 - Principles of Autonomy and Decision Making, Fall 2010},
journal = {MIT OpenCourseWare: Massachusetts Institute of Technology},
author = {Frazzoli, Emilio},
year = {2010},
url = {http://ocw.mit.edu/courses/aeronautics-and-astronautics/16-410-principles-of-autonomy-and-decision-making-fall-2010/},
license = {Creative Commons BY-NC-SA}
}

@book{Russell:2003:AIM:773294,
 author = {Russell, Stuart J. and Norvig, Peter},
 title = {Artificial Intelligence: A Modern Approach},
 year = {2003},
 isbn = {0137903952},
 edition = {2},
 publisher = {Pearson Education},
} 

@article{dempster1977maximum,
  title={Maximum likelihood from incomplete data via the EM algorithm},
  author={Dempster, Arthur P and Laird, Nan M and Rubin, Donald B},
  journal={Journal of the royal statistical society. Series B (methodological)},
  pages={1--38},
  year={1977},
  publisher={JSTOR}
}

@article{deb1994simulated,
  title={Simulated binary crossover for continuous search space},
  author={Deb, Kalyanmoy and Agrawal, Ram B},
  journal={Complex Systems},
  volume={9},
  number={3},
  pages={1--15},
  year={1994},
  publisher={Citeseer}
}

@article{deb2002fast,
  title={A fast and elitist multiobjective genetic algorithm: NSGA-II},
  author={Deb, Kalyanmoy and Pratap, Amrit and Agarwal, Sameer and Meyarivan, TAMT},
  journal={Evolutionary Computation, IEEE Transactions on},
  volume={6},
  number={2},
  pages={182--197},
  year={2002},
  publisher={IEEE}
}

@book{back1996evolutionary,
  title={Evolutionary algorithms in theory and practice},
  author={Back, Thomas},
  year={1996},
  publisher={Oxford Univ. Press}
}

@inproceedings{mouret2009classification,
  title={Classification of images based on Hidden Markov Models},
  author={Mouret, Marc and Solnon, Christine and Wolf, Christian},
  booktitle={Content-Based Multimedia Indexing, 2009. CBMI'09. Seventh International Workshop on},
  pages={169--174},
  year={2009},
  organization={IEEE}
}

@book{mohri2012foundations,
  title={Foundations of machine learning},
  author={Mohri, Mehryar and Rostamizadeh, Afshin and Talwalkar, Ameet},
  year={2012},
  publisher={MIT press}
}

@article{munassar2010comparison,
  title={A comparison between five models of software engineering},
  author={Munassar, Nabil Mohammed Ali and Govardhan, A},
  journal={IJCSI},
  volume={5},
  pages={95--101},
  year={2010},
  publisher={Citeseer}
}

@book{Stroustrup:2000:CPL:518791,
 author = {Stroustrup, Bjarne},
 title = {The  C++ Programming Language},
 year = {2000},
 isbn = {0201700735},
 edition = {3rd},
 publisher = {Addison-Wesley Longman Publishing Co., Inc.},
 address = {Boston, MA, USA},
} 

@article{powers2011evaluation,
  title={Evaluation: from precision, recall and F-measure to ROC, informedness, markedness and correlation},
  author={Powers, David Martin},
  year={2011},
  publisher={Bioinfo Publications}
}

@article{viterbi1967error,
  title={Error bounds for convolutional codes and an asymptotically optimum decoding algorithm},
  author={Viterbi, Andrew J},
  journal={Information Theory, IEEE Transactions on},
  volume={13},
  number={2},
  pages={260--269},
  year={1967},
  publisher={IEEE}
}

@inproceedings{ferguson1980hidden,
  title={Hidden Markov analysis: an introduction},
  author={Ferguson, JD},
  booktitle={Proceedings of the Symposium on the Applications of Hidden Markov Models to Text and Speech, IDA-CRD, Princeton, NJ},
  year={1980}
}

@book{norris1998markov,
  title={Markov chains},
  author={Norris, James R},
  number={2},
  year={1998},
  publisher={Cambridge university press}
}

@article{markov1906rasprostranenie,
  title={{\cyr Rasprostranenie zakona bol{\char126}shih chisel na velichiny, zavisyawie drug ot druga}},
  author={{\cyr Markov, AA}},
  journal={{\cyi Izvestiya Fiziko-matematicheskogo obwestva pri Kazanskom universitete}},
  pages={135--156},
  year={1906}
}

@article{satish1993use,
  title={Use of hidden Markov models for partial discharge pattern classification},
  author={Satish, L and Gururaj, BI},
  journal={Electrical Insulation, IEEE Transactions on},
  volume={28},
  number={2},
  pages={172--182},
  year={1993},
  publisher={IEEE}
}

@inproceedings{pardo2005modeling,
  title={Modeling form for on-line following of musical performances},
  author={Pardo, Bryan and Birmingham, William},
  booktitle={PROCEEDINGS OF THE NATIONAL CONFERENCE ON ARTIFICIAL INTELLIGENCE},
  volume={20},
  number={2},
  pages={1018},
  year={2005},
  organization={Menlo Park, CA; Cambridge, MA; London; AAAI Press; MIT Press; 1999}
}

@article{rabiner1989tutorial,
  title={A tutorial on hidden Markov models and selected applications in speech recognition},
  author={Rabiner, Lawrence},
  journal={Proceedings of the IEEE},
  volume={77},
  number={2},
  pages={257--286},
  year={1989},
  publisher={IEEE}
}

@article{starner1995real,
  title={Real-time American Sign language visual recognition from video using Hidden Markov Models},
  author={Starner, Thad and Pentland, Alex},
  journal={Master's Thesis, MIT Program in Media Arts},
  year={1995}
}

@article{baum1966statistical,
  title={Statistical inference for probabilistic functions of finite state Markov chains},
  author={Baum, Leonard E and Petrie, Ted},
  journal={The annals of mathematical statistics},
  pages={1554--1563},
  year={1966},
  publisher={JSTOR}
}

@article{baum1970maximization,
  title={A maximization technique occurring in the statistical analysis of probabilistic functions of Markov chains},
  author={Baum, Leonard E and Petrie, Ted and Soules, George and Weiss, Norman},
  journal={The annals of mathematical statistics},
  pages={164--171},
  year={1970},
  publisher={JSTOR}
}

@article{mucha2010community,
  title={Community structure in time-dependent, multiscale, and multiplex networks},
  author={Mucha, Peter J and Richardson, Thomas and Macon, Kevin and Porter, Mason A and Onnela, Jukka-Pekka},
  journal={science},
  volume={328},
  number={5980},
  pages={876--878},
  year={2010},
  publisher={American Association for the Advancement of Science}
}

@article{mucha2010communities,
  title={Communities in multislice voting networks},
  author={Mucha, Peter J and Porter, Mason A},
  journal={Chaos},
  volume={20},
  number={4},
  pages={041108},
  year={2010}
}

@book{bollobas1998modern,
  title={Modern graph theory},
  author={Bollob{\'a}s, B{\'e}la},
  volume={184},
  year={1998},
  publisher={Springer Science \& Business Media}
}

@article{de2014multilayer,
  title={Multilayer analysis and visualization of networks},
  author={De Domenico, Manlio and Porter, Mason A and Arenas, Alex},
  journal={arXiv preprint arXiv:1405.0843},
  year={2014}
}

@article{kivela2014multilayer,
  title={Multilayer networks},
  author={Kivel{\"a}, Mikko and Arenas, Alex and Barthelemy, Marc and Gleeson, James P and Moreno, Yamir and Porter, Mason A},
  journal={Journal of Complex Networks},
  volume={2},
  number={3},
  pages={203--271},
  year={2014},
  publisher={Oxford University Press}
}

@article{padgett1993robust,
  title={Robust Action and the Rise of the Medici, 1400-1434},
  author={Padgett, John F and Ansell, Christopher K},
  journal={American journal of sociology},
  pages={1259--1319},
  year={1993},
  publisher={JSTOR}
}

@article{krackhardt1987cognitive,
  title={Cognitive social structures},
  author={Krackhardt, David},
  journal={Social networks},
  volume={9},
  number={2},
  pages={109--134},
  year={1987},
  publisher={Elsevier}
}

@article{magnani2013combinatorial,
  title={Combinatorial analysis of multiple networks},
  author={Magnani, Matteo and Micenkova, Barbora and Rossi, Luca},
  journal={arXiv preprint arXiv:1303.4986},
  year={2013}
}

@article{stark2006biogrid,
  title={BioGRID: a general repository for interaction datasets},
  author={Stark, Chris and Breitkreutz, Bobby-Joe and Reguly, Teresa and Boucher, Lorrie and Breitkreutz, Ashton and Tyers, Mike},
  journal={Nucleic acids research},
  volume={34},
  number={suppl 1},
  pages={D535--D539},
  year={2006},
  publisher={Oxford Univ Press}
}

@article{de2013anatomy,
  title={The anatomy of a scientific rumor},
  author={De Domenico, Manlio and Lima, Antonio and Mougel, Paul and Musolesi, Mirco},
  journal={Scientific reports},
  volume={3},
  year={2013},
  publisher={Nature Publishing Group}
}

@article{cardillo2013emergence,
  title={Emergence of network features from multiplexity},
  author={Cardillo, Alessio and G{\'o}mez-Garde{\~n}es, Jes{\'u}s and Zanin, Massimiliano and Romance, Miguel and Papo, David and Del Pozo, Francisco and Boccaletti, Stefano},
  journal={Scientific reports},
  volume={3},
  year={2013},
  publisher={Nature Publishing Group}
}

@article{de2014navigability,
  title={Navigability of interconnected networks under random failures},
  author={De Domenico, Manlio and Sol{\'e}-Ribalta, Albert and G{\'o}mez, Sergio and Arenas, Alex},
  journal={Proceedings of the National Academy of Sciences},
  volume={111},
  number={23},
  pages={8351--8356},
  year={2014},
  publisher={National Acad Sciences}
}

@article{loe2014comparison,
  title={Comparison of communities detection algorithms for multiplex},
  author={Loe, Chuan Wen and Jensen, Henrik Jeldtoft},
  journal={arXiv preprint arXiv:1406.2205},
  year={2014}
}

@article{bianconi2013statistical,
  title={Statistical mechanics of multiplex networks: Entropy and overlap},
  author={Bianconi, Ginestra},
  journal={Physical Review E},
  volume={87},
  number={6},
  pages={062806},
  year={2013},
  publisher={APS}
}

@article{azimi2014k,
  title={k- core percolation on multiplex networks},
  author={Azimi-Tafreshi, N and G{\'o}mez-Garde{\~n}es, J and Dorogovtsev, SN},
  journal={Physical Review E},
  volume={90},
  number={3},
  pages={032816},
  year={2014},
  publisher={APS}
}

@article{asllani2014turing,
  title={Turing patterns in multiplex networks},
  author={Asllani, Malbor and Busiello, Daniel M and Carletti, Timoteo and Fanelli, Duccio and Planchon, Gwendoline},
  journal={Physical Review E},
  volume={90},
  number={4},
  pages={042814},
  year={2014},
  publisher={APS}
}

@article{granell2014competing,
  title={Competing spreading processes on multiplex networks: awareness and epidemics},
  author={Granell, Clara and G{\'o}mez, Sergio and Arenas, Alex},
  journal={Physical Review E},
  volume={90},
  number={1},
  pages={012808},
  year={2014},
  publisher={APS}
}

@article{nicosia2013growing,
  title={Growing multiplex networks},
  author={Nicosia, Vincenzo and Bianconi, Ginestra and Latora, Vito and Barthelemy, Marc},
  journal={Physical review letters},
  volume={111},
  number={5},
  pages={058701},
  year={2013},
  publisher={APS}
}

@article{zhao2014multiple,
  title={Multiple routes transmitted epidemics on multiplex networks},
  author={Zhao, Dawei and Li, Lixiang and Peng, Haipeng and Luo, Qun and Yang, Yixian},
  journal={Physics Letters A},
  volume={378},
  number={10},
  pages={770--776},
  year={2014},
  publisher={Elsevier}
}

@article{estrada2014communicability,
  title={Communicability reveals a transition to coordinated behavior in multiplex networks},
  author={Estrada, Ernesto and G{\'o}mez-Garde{\~n}es, Jes{\'u}s},
  journal={Physical Review E},
  volume={89},
  number={4},
  pages={042819},
  year={2014},
  publisher={APS}
}

@article{hu2014conditions,
  title={Conditions for viral influence spreading through multiplex correlated social networks},
  author={Hu, Yanqing and Havlin, Shlomo and Makse, Hern{\'a}n A},
  journal={Physical Review X},
  volume={4},
  number={2},
  pages={021031},
  year={2014},
  publisher={APS}
}

@article{de2014identifying,
  title={Identifying modular flows on multilayer networks reveals highly overlapping organization in social systems},
  author={De Domenico, Manlio and Lancichinetti, Andrea and Arenas, Alex and Rosvall, Martin},
  journal={arXiv preprint arXiv:1408.2925},
  year={2014}
}